<record><leader>00000cas a22000007a 4500</leader><controlfield tag="001">16758722</controlfield><controlfield tag="008">870925d1987198ufluwn ne      0   a0eng d</controlfield><datafield ind1=" " ind2=" " tag="010"><subfield code="a">sn 87001687 </subfield></datafield><datafield ind1=" " ind2=" " tag="040"><subfield code="a">NSD</subfield><subfield code="b">eng</subfield><subfield code="c">NSD</subfield><subfield code="d">OCLCQ</subfield></datafield><datafield ind1=" " ind2=" " tag="012"><subfield code="j">0</subfield><subfield code="m">d</subfield></datafield><datafield ind1="1" ind2=" " tag="022"><subfield code="a">0895-7320</subfield><subfield code="l">0895-7320</subfield><subfield code="2">1</subfield></datafield><datafield ind1=" " ind2=" " tag="037"><subfield code="b">News/Sun-Sentinel Postcard, 101 N. New River Dr., Fort Lauderdale, FL 33301-2293</subfield></datafield><datafield ind1=" " ind2=" " tag="042"><subfield code="a">nsdp</subfield></datafield><datafield ind1=" " ind2="0" tag="222"><subfield code="a">News/sun-sentinel postcard</subfield></datafield><datafield ind1="0" ind2="0" tag="245"><subfield code="a">News/sun-sentinel postcard.</subfield></datafield><datafield ind1="3" ind2="0" tag="246"><subfield code="a">News sun sentinel</subfield></datafield><datafield ind1=" " ind2=" " tag="260"><subfield code="a">Fort Lauderdale, Fla. :</subfield><subfield code="b">News and Sun-Sentinel Co.</subfield></datafield><datafield ind1=" " ind2=" " tag="300"><subfield code="a">v.</subfield></datafield><datafield ind1=" " ind2=" " tag="310"><subfield code="a">Weekly (May-Oct.)</subfield></datafield><datafield ind1="1" ind2=" " tag="362"><subfield code="a">Began in 1987?</subfield></datafield><datafield ind1=" " ind2=" " tag="588"><subfield code="a">Description based on: Vol. 1, no. 5 (Monday, June 1, 1987).</subfield></datafield><datafield ind1=" " ind2=" " tag="588"><subfield code="a">Latest issue consulted: Vol. 1, no. 13 (Monday, Aug. 10, 1987).</subfield></datafield><datafield ind1=" " ind2=" " tag="752"><subfield code="a">United States</subfield><subfield code="b">Florida</subfield><subfield code="c">Broward</subfield><subfield code="d">Fort Lauderdale.</subfield></datafield><datafield ind1="0" ind2="0" tag="785"><subfield code="t">News/sun-sentinel snowbird</subfield><subfield code="x">0899-0069</subfield><subfield code="w">(DLC)sn 88001855</subfield></datafield></record>